@inproceedings{AJR2025,
    author = {Aurandt, Alexis and Jones, Phillip H. and Rozier, Kristin Yvonne},
    title = {Towards a Safe, Verified Runtime Monitor for Embedded Systems: R2U2 in Embedded Rust},
    booktitle = {Proceedings of the 17th NASA Formal Methods Symposium (NFM 2025)},
    volume = {TBD},
    publisher = {Springer},
    series = {{Lecture Notes in Computer Science (LNCS)}},
    address = {Williamsburg, Virginia},
    editors = {Nathalie Bertrand and Nils Jansen},
    url = {https://temporallogic.org/research/R2U2Rust/R2U2_Rust_Extended.pdf},
    month = {June},
    year = {2025},
}